@TechReport{ascii63,
  author = 	 {X3: ASA Sectional Committee on Computers and Information Processing},
  title = 	 {American Standard Code for Information Interchange},
  institution =  {American Standards Association (ASA)},
  year = 	 1963,
  number = 	 {ASA X3.4-1963},
  note = 	 {\url{http://worldpowersystems.com/projects/codes/X3.4-1963/}}}

